
@article{benefits,
	author = {Maya Sollen-Norrlin and Bhim Bahadur Ghaley and Naomi Laura Jane Rintoul},
	title = {{Agroforestry Benefits and Challenges for Adoption in Europe and Beyond}},
	year = {2020},
  month = {8},
  day = {27},
	journal = {Sustainability},
	volume = {12},
	number = {17},
	doi = {10.3390/su12177001}
}

@misc{omafra,
  author = {{Ontario Ministry of Agriculture, Food and Rural Affairs}},
  title = {{Trees on Farms}},
  url = {https://www.ontario.ca/page/trees-farms},
}

% https://www.fcc-fac.ca/en/financing/agriculture/young-farmers
@misc{fcc_youngfarmers,
  author = {{Farm Credit Canada}},
  title = {{Young Farmers}},
  url = {https://www.fcc-fac.ca/en/financing/agriculture/young-farmers},
}

% https://www.fcc-fac.ca/en/resources/business-plan-template
@misc{fcc_businessplan,
  author = {{Farm Credit Canada}},
  title = {{Business Plan Template}},
  url = {https://www.fcc-fac.ca/en/resources/business-plan-template},
}

@misc{fcc_transition,
  author = {{Farm Credit Canada}},
  title = {{Transition Planning}},
  url = {https://www.fcc-fac.ca/en/resources/transition-planning},
}

% https://www.ontariosoilcrop.org/resilient-agricultural-landscape-program/
@misc{oscp_ralp,
  author = {{Ontario Soil and Crop Improvement Association}},
  title = {{Resilient Agricultural Landscape Program}},
  url = {https://www.ontariosoilcrop.org/resilient-agricultural-landscape-program/},
}

% https://www.ontariowoodlot.com/woodland-101
@misc{onwoodlot,
  author = {{Ontario Woodlot Association}},
  title = {{Woodland 101}},
  url = {https://www.ontariowoodlot.com/woodland-101},
}

% https://kawarthalandtrust.org/farmlands-woodlots/
@misc{kawartha,
  author = {{Kawartha Land Trust}},
  title = {{Farmlands and Woodlots}},
  url = {https://kawarthalandtrust.org/farmlands-woodlots/},
}

% Agriculture and Agri-Food Canada, 2011. Ecological Goods and Services (EG&S) and agroforestry : Biens et services écologiques et agroforesterie : l'intérêt du producteur agricole et de la société : synthèse et recommandations, Canadian Electronic Library. Canada. Retrieved from https://coilink.org/20.500.12592/8wq2zb on 16 Feb 2025. COI: 20.500.12592/8wq2zb.

@inbook{socialgood,
  author = {{Agriculture and Agri-Food Canada}},
  title = {{Ecological Goods and Services (EG\&S) and agroforestry the benefits for farmers and the interests for society, synthesis and recommendations}},
  year = {2011},
  publisher = {Canadian Electronic Library},
  address = {Canada},
  url = {https://coilink.org/20.500.12592/8wq2zb},
}

% https://www.nrcs.usda.gov/programs-initiatives/eqip-environmental-quality-incentives
@misc{eqip,
  author = {{Natural Resources Conservation Service}},
  title = {{Environmental Quality Incentives Program}},
  url = {https://www.nrcs.usda.gov/programs-initiatives/eqip-environmental-quality-incentives},
}